@ARTICLE{OBIT,
   author = {{Cotton}, W.~D},
    title = "{Obit: A Development Environment for Astronomical Algorithms}",
  journal ={PASP},
     year = 2008,
    month = {},
   volume = {120},
    pages = {439--448},
}
@ARTICLE{PixelPaper,
   author = {{Cotton}, W.~D. and {Uson}, J.},
    title = "{Pixelization and Dynamic Range in Radio Interferometry}",
  journal ={A\&A},
     year = 2008,
    month = {},
   volume = {in press},
    pages = {},
}
@ARTICLE{SquintPaper,
   author = {{Uson}, J. and {Cotton}, W.~D.},
    title = "{Beam Squint and Stokes V with Off--axis Feeds}",
  journal ={A\&A},
     year = 2008,
    month = {},
   volume = {in press},
    pages = {},
}
@ARTICLE{ThreadMemo1,
   author = {{Cotton}, W.~D.},
    title = "{Note on the Efficacy of Multi-threading in Obit}",
  journal ={Obit Development Memo},
     year = 2008,
    month = {},
   number = {1},
    pages = {},
}
@ARTICLE{WideBand1,
   author = {{Cotton}, W.~D.},
    title = "{High dynamic range wideband imaging.}",
  journal ={Obit Development Memo},
     year = 2008,
    month = {},
   number = {19},
    pages = {},
}
@ARTICLE{WideBand2,
   author = {{Cotton}, W.~D.},
    title = "{Wideband phase and delay calibration.}",
  journal ={Obit Development Memo},
     year = 2008,
    month = {},
   number = {20},
    pages = {},
}
@ARTICLE{autoWindow,
   author = {{Cotton}, W.~D.},
    title = "{Automatic CLEAN Windowing}",
  journal = {EVLA Memo},
     year = 2007,
    month = {},
   number = {116},
    pages = {},
}
@ARTICLE{Cotton2010,
   author = {{Cotton}, W. D. and {Ragland}, S. and  {Pluzhnik}, E.and {Danchi}, W. C. and
    {Traub}, W.A. and {Willson}, L. A. and {Lacasse}, M. G.},
     title = "{SiO Masers in Asymetric Miras III: IK Tauri}",
  journal = {ApJS},
     year = 2010,
    month = {},
   volume = {187},
    pages = {107--118},
}
